
    <zs:record>
      <zs:recordSchema/>
      <zs:recordPacking>xml</zs:recordPacking>
      <zs:recordData>
        <record xmlns="http://www.loc.gov/MARC21/slim">
          <leader>01661cam a2200409 a 4500</leader>
          <controlfield tag="001">15832687</controlfield>
          <controlfield tag="005">20100826144441.0</controlfield>
          <controlfield tag="008">090724s2010    enka     b    000 0 eng  </controlfield>
          <datafield tag="906" ind1=" " ind2=" ">
            <subfield code="a">7</subfield>
            <subfield code="b">cbc</subfield>
            <subfield code="c">orignew</subfield>
            <subfield code="d">1</subfield>
            <subfield code="e">ecip</subfield>
            <subfield code="f">20</subfield>
            <subfield code="g">y-gencatlg</subfield>
          </datafield>
          <datafield tag="925" ind1="0" ind2=" ">
            <subfield code="a">acquire</subfield>
            <subfield code="b">2 shelf copies</subfield>
            <subfield code="x">policy default</subfield>
            <subfield code="e">claim1  2010-05-14</subfield>
          </datafield>
          <datafield tag="955" ind1=" " ind2=" ">
            <subfield code="b">re10 2009-07-24</subfield>
            <subfield code="i">re10 2009-07-24 telework to Dewey</subfield>
            <subfield code="w">bf07 2009-07-24</subfield>
            <subfield code="a">xe08 2010-08-03 1 copy rec'd., to CIP ver.</subfield>
            <subfield code="f">rf06 2010-08-26 Z-CipVer</subfield>
          </datafield>
          <datafield tag="010" ind1=" " ind2=" ">
            <subfield code="a">  2009030415</subfield>
          </datafield>
          <datafield tag="015" ind1=" " ind2=" ">
            <subfield code="a">GBA981008</subfield>
            <subfield code="2">bnb</subfield>
          </datafield>
          <datafield tag="016" ind1="7" ind2=" ">
            <subfield code="a">015351060</subfield>
            <subfield code="2">Uk</subfield>
          </datafield>
          <datafield tag="020" ind1=" " ind2=" ">
            <subfield code="a">9780415498364 (pbk.)</subfield>
          </datafield>
          <datafield tag="020" ind1=" " ind2=" ">
            <subfield code="a">0415498368 (pbk.)</subfield>
          </datafield>
          <datafield tag="020" ind1=" " ind2=" ">
            <subfield code="a">9780203862018 (e-book)</subfield>
          </datafield>
          <datafield tag="020" ind1=" " ind2=" ">
            <subfield code="a">0203862015 (e-book)</subfield>
          </datafield>
          <datafield tag="035" ind1=" " ind2=" ">
            <subfield code="a">(OCoLC)ocn298781508</subfield>
          </datafield>
          <datafield tag="040" ind1=" " ind2=" ">
            <subfield code="a">DLC</subfield>
            <subfield code="c">DLC</subfield>
            <subfield code="d">BTCTA</subfield>
            <subfield code="d">YDXCP</subfield>
            <subfield code="d">BWKUK</subfield>
            <subfield code="d">BWK</subfield>
            <subfield code="d">BWX</subfield>
            <subfield code="d">CDX</subfield>
            <subfield code="d">DEBBG</subfield>
            <subfield code="d">UKM</subfield>
            <subfield code="d">DLC</subfield>
          </datafield>
          <datafield tag="050" ind1="0" ind2="0">
            <subfield code="a">LB1573</subfield>
            <subfield code="b">.H924 2010</subfield>
          </datafield>
          <datafield tag="082" ind1="0" ind2="0">
            <subfield code="a">372.41</subfield>
            <subfield code="2">22</subfield>
          </datafield>
          <datafield tag="084" ind1=" " ind2=" ">
            <subfield code="a">5,3</subfield>
            <subfield code="2">ssgn</subfield>
          </datafield>
          <datafield tag="084" ind1=" " ind2=" ">
            <subfield code="a">DP 4000</subfield>
            <subfield code="2">rvk</subfield>
          </datafield>
          <datafield tag="100" ind1="1" ind2=" ">
            <subfield code="a">Hughes, Margaret.</subfield>
          </datafield>
          <datafield tag="245" ind1="1" ind2="0">
            <subfield code="a">Supporting children's reading :</subfield>
            <subfield code="b">a complete short course for teaching assistants, volunteer helpers and parents /</subfield>
            <subfield code="c">Margaret Hughes and Peter Guppy.</subfield>
          </datafield>
          <datafield tag="250" ind1=" " ind2=" ">
            <subfield code="a">2nd ed.</subfield>
          </datafield>
          <datafield tag="260" ind1=" " ind2=" ">
            <subfield code="a">London ;</subfield>
            <subfield code="a">New York :</subfield>
            <subfield code="b">Routledge,</subfield>
            <subfield code="c">2010.</subfield>
          </datafield>
          <datafield tag="300" ind1=" " ind2=" ">
            <subfield code="a">v, 172 p. :</subfield>
            <subfield code="b">ill. ;</subfield>
            <subfield code="c">30 cm.</subfield>
          </datafield>
          <datafield tag="500" ind1=" " ind2=" ">
            <subfield code="a">Rev. ed. of: On cue : helping children to read / Peter Guppy and Margaret Hughes : NASEN. 2003.</subfield>
          </datafield>
          <datafield tag="504" ind1=" " ind2=" ">
            <subfield code="a">Includes bibliographical references.</subfield>
          </datafield>
          <datafield tag="650" ind1=" " ind2="0">
            <subfield code="a">Reading (Elementary)</subfield>
          </datafield>
          <datafield tag="650" ind1=" " ind2="0">
            <subfield code="a">Teachers' assistants</subfield>
            <subfield code="x">Training of.</subfield>
          </datafield>
          <datafield tag="700" ind1="1" ind2=" ">
            <subfield code="a">Guppy, Peter,</subfield>
            <subfield code="d">1944-</subfield>
          </datafield>
          <datafield tag="700" ind1="1" ind2=" ">
            <subfield code="a">Guppy, Peter,</subfield>
            <subfield code="d">1944-</subfield>
            <subfield code="t">On cue.</subfield>
          </datafield>
          <datafield tag="710" ind1="2" ind2=" ">
            <subfield code="a">National Association for Special Educational Needs (Great Britain)</subfield>
          </datafield>
          <datafield tag="952" ind1=" " ind2=" ">
            <subfield code="a">Prev. ed. not in LC.</subfield>
          </datafield>
        </record>
      </zs:recordData>
      <zs:recordPosition>10</zs:recordPosition>
    </zs:record>